%% This BibTeX bibliography file was created using BibDesk.
%% https://bibdesk.sourceforge.io/

%% Created for Shaden SHABAYEK at 2022-02-17 18:17:57 +0100 


%% Saved with string encoding Unicode (UTF-8) 



@book{girel2017,
	author = {Mathias Girel},
	date-added = {2022-02-17 18:16:43 +0100},
	date-modified = {2022-02-17 18:17:57 +0100},
	publisher = {Editions Quae},
	title = {Science et territoires de l'ignorance},
	year = {2017}}

@article{huffpost,
	author = {Nick Robins-Early},
	date-added = {2021-07-28 14:19:41 +0200},
	date-modified = {2021-07-28 14:22:13 +0200},
	journal = {HuffPost, POLITICS},
	month = {October},
	title = {Like ISIS Before Them, Far-Right Extremists Are Migrating To Telegram},
	year = {2019}}

@article{rogers2020,
	author = {Richard Rogers},
	date-added = {2021-07-28 14:16:17 +0200},
	date-modified = {2021-07-28 14:59:02 +0200},
	journal = {European Journal of Communication},
	number = {3},
	pages = {213-229},
	title = {Deplatforming: Following extreme Internet celebrities to Telegram and alternative social media Deplatforming: Following extreme Internet celebrities to Telegram and alternative social media Deplatforming: Following extreme internet celebreties to Telegram and alternative social media},
	volume = {35},
	year = {2020}}

@article{pasquetto,
	author = {Irene V. Pasquetto and Briony Swire-Thompson and Michelle A. Amazeen and Fabr{\'\i}cio Benevenuto and Nadia M. Brashier and Robert M. Bond and Lia C. Bozarth and Ceren Budak and Ullrich K. H. Ecker and Lisa K. Fazio and Emilio Ferrara and Andrew J. Flanagin and Alessandro Flammini and Deen Freelon and Nir Grinberg and Ralph Hertwig and Kathleen Hall Jamieson and Kenneth Joseph and Jason J. Jones and R. Kelly Garrett and Daniel Kreiss and Shannon McGregor and Jasmine McNealy and Drew Margolin and Alice Marwick and FiIippo Menczer and Miriam J. Metzger and Seungahn Nah and Stephan Lewandowsky and Philipp Lorenz-Spreen and Pablo Ortellado and Gordon Pennycook and Ethan Porter and David G. Rand and Ronald E. Robertson and Francesca Tripodi and Soroush Vosoughi and Chris Vargo and Onur Varol and Brian E. Weeks and John Wihbey and Thomas J. Wood and Kai-Cheng Yang},
	date-added = {2021-07-26 20:23:22 +0200},
	date-modified = {2021-07-26 20:30:10 +0200},
	journal = {Harvard Kennedy School Misinformation Review},
	month = {December},
	number = {8},
	title = {Tackling misinformation: What researchers could do with social media data},
	volume = {1},
	year = {2020}}

@article{api,
	author = {Jessamy Perriam and Andreas Birkbak and Andy Freeman},
	date-added = {2021-07-25 22:54:18 +0200},
	date-modified = {2021-07-25 22:56:38 +0200},
	journal = {International Journal of Social Research Methodology},
	title = {Digital methods in a post-API environment},
	year = {2019}}

@article{therovincent,
	author = {H{\'e}lo{\"\i}se Th{\'e}ro and Emmanuel Vincent},
	date-added = {2021-07-25 17:30:12 +0200},
	date-modified = {2021-07-28 14:57:28 +0200},
	journal = {mimeo},
	title = {Persistence of online misinformation: investigating Facebook's actions against ``repeat offenders''},
	year = {2021}}

@article{nbcnews,
	author = {Ahiza Garc{\'\i}a-Hodges},
	date-added = {2021-07-21 16:55:38 +0200},
	date-modified = {2021-07-21 16:56:42 +0200},
	journal = {NBCnews, https://www.nbcnews.com/news/all/youtube-suspends-oann-violating-its-covid-19-policy-n1248845},
	month = {November},
	title = {YouTube suspends OANN for violating its Covid-19 policy},
	year = {2020}}

@article{newsroom1,
	author = {Nathaniel Gleicher},
	date-added = {2021-07-20 15:31:23 +0200},
	date-modified = {2021-07-20 15:31:23 +0200},
	journal = {Facebook Newsroom https://about.fb.com/news/2019/12/removing-coordinated-inauthentic-behavior-from-georgia-vietnam-and-the-us/},
	month = {December},
	title = {Removing Coordinated Inauthentic Behavior From Georgia, Vietnam and the US},
	url = {https://www.wired.com/story/facebook-bans-alex-jones-extremists/},
	urldate = {https://www.wired.com/story/facebook-bans-alex-jones-extremists/},
	year = {2019},
	Bdsk-Url-1 = {https://www.wired.com/story/facebook-bans-alex-jones-extremists/}}

@article{wiredalexjones,
	author = {Paris Martineau},
	date-added = {2021-07-20 15:21:43 +0200},
	date-modified = {2021-07-20 15:21:43 +0200},
	journal = {Wired https://www.wired.com/story/facebook-bans-alex-jones-extremists/},
	month = {February},
	title = {Facebook Bans Alex Jones, Other Extremists - but Not as Planned},
	url = {https://www.wired.com/story/facebook-bans-alex-jones-extremists/},
	urldate = {https://www.wired.com/story/facebook-bans-alex-jones-extremists/},
	year = {2019},
	Bdsk-Url-1 = {https://www.wired.com/story/facebook-bans-alex-jones-extremists/}}

@article{newsroom2,
	author = {Tessa Lyons},
	date-added = {2021-07-20 15:14:01 +0200},
	date-modified = {2021-07-20 15:32:02 +0200},
	journal = {Facebook Newsroom https://about.fb.com/news/2018/05/inside-feed-reduce-remove-inform/},
	month = {May},
	title = {The Three-Part Recipe for Cleaning up Your News Feed},
	url = {https://about.fb.com/news/2018/05/inside-feed-reduce-remove-inform/},
	urldate = {https://about.fb.com/news/2018/05/inside-feed-reduce-remove-inform/},
	year = {2018},
	Bdsk-Url-1 = {https://about.fb.com/news/2018/05/inside-feed-reduce-remove-inform/}}

@article{Bayer,
	author = {Judith Bayer},
	date-added = {2021-07-19 12:37:36 +0200},
	date-modified = {2021-07-19 12:38:22 +0200},
	journal = {CEPS Paper in Liberty and Security in Europe},
	month = {May},
	number = {2019-03},
	title = {Between Anarchy and Censorship Public discourse and the duties of social media},
	year = {2019}}

@article{niemanlab,
	author = {Emily Saltz and Claire Leibowicz},
	date-added = {2021-07-19 12:14:57 +0200},
	date-modified = {2021-07-19 12:42:06 +0200},
	journal = {NiemanLab https://www.niemanlab.org/2021/06/shadow-bans-fact-checks-info-hubs-the-big-guide-to-how-platforms-are-handling-misinformation-in-2021/},
	month = {June},
	title = {Shadow bans, fact-checks, info hubs: The big guide to how platforms are handling misinformation in 2021},
	urldate = {https://www.niemanlab.org/2021/06/shadow-bans-fact-checks-info-hubs-the-big-guide-to-how-platforms-are-handling-misinformation-in-2021/},
	year = {2021}}

@article{pew1,
	author = {Adam Hughes and Stefan Wojicik},
	date-added = {2021-06-29 15:26:42 +0200},
	date-modified = {2021-06-29 15:29:55 +0200},
	journal = {Pew Research Center},
	lastchecked = {June 29, 2021},
	title = {10 facts about Americans and Twitter},
	urldate = {https://www.pewresearch.org/fact-tank/2019/08/02/10-facts-about-americans-and-twitter/},
	year = {2019}}

@article{lazer,
	author = {David Lazer and Matthew Baum and Yochai Benkler and Adam Berinsky and Kelly Greenhill and Filippo Menczer and Miriam Metzger and Brendan Nyhan and Gordon Pennycook and David Rothschild and Michael Schudson and Steven Sloman and Cass Sunstein and Emily Thorson and Duncan Watts and Jonathan Zittrain},
	date-added = {2021-06-28 15:06:59 +0200},
	date-modified = {2021-06-28 15:10:14 +0200},
	journal = {Science},
	number = {6380},
	title = {The science of fake news},
	volume = {359},
	year = {2018}}

@article{broniatowski,
	author = {David A. Broniatowski and Daniel Kerchner and Fouzia Farooq and Xiaolei Huang and Amelia M. Jamison and Mark Dredze and Sandra Crouse Quinn},
	date-added = {2021-06-17 15:00:52 +0200},
	date-modified = {2021-06-17 15:04:03 +0200},
	journal = {mimeo},
	title = {Debunking the Misinfodemic: Coronavirus Social Media Contains More, Not Less, Credible Content},
	year = {2020}}

@article{grinberg,
	author = {Nir Grinberg and Kenneth Joseph and Lisa Friedland and Briony Swire-Thompson and David Lazer},
	date-added = {2021-06-17 14:58:29 +0200},
	date-modified = {2021-06-17 14:59:28 +0200},
	journal = {Science},
	number = {274},
	title = {Fake news on Twitter during the 2016 U.S. presidential election},
	volume = {263},
	year = {2019}}

@article{minet,
	author = {Guillaume Plique and Pauline Breteau and Jules Farjas and H{\'e}lo{\"\i}se Th{\'e}ro and Jean Descamps},
	date-added = {2021-06-15 17:10:33 +0200},
	date-modified = {2021-06-15 17:16:22 +0200},
	title = {Minet, a webmining CLI tool and library for python Zenodo. http://doi.org/10.5281/zenodo.4564399},
	urldate = {http://doi.org/10.5281/zenodo.4564399},
	year = {2019}}

@article{pennycook2021psychology,
	author = {Pennycook, Gordon and Rand, David G},
	journal = {Trends in cognitive sciences},
	publisher = {Elsevier},
	title = {The psychology of fake news},
	year = {2021}}

@inproceedings{yaqub2020effects,
	author = {Yaqub, Waheeb and Kakhidze, Otari and Brockman, Morgan L and Memon, Nasir and Patil, Sameer},
	booktitle = {Proceedings of the 2020 chi conference on human factors in computing systems},
	pages = {1--14},
	title = {Effects of credibility indicators on social media news sharing intent},
	year = {2020}}

@article{sharevski2021misinformation,
	author = {Sharevski, Filipo and Alsaadi, Raniem and Jachim, Peter and Pieroni, Emma},
	journal = {arXiv preprint arXiv:2104.00779},
	title = {Misinformation Warning Labels: Twitter's Soft Moderation Effects on COVID-19 Vaccine Belief Echoes},
	year = {2021}}

@article{pennycook2020implied,
	author = {Pennycook, Gordon and Bear, Adam and Collins, Evan T and Rand, David G},
	journal = {Management Science},
	number = {11},
	pages = {4944--4957},
	publisher = {INFORMS},
	title = {The implied truth effect: Attaching warnings to a subset of fake news headlines increases perceived accuracy of headlines without warnings},
	volume = {66},
	year = {2020}}

@inproceedings{mosleh2021perverse,
	author = {Mosleh, Mohsen and Martel, Cameron and Eckles, Dean and Rand, David},
	booktitle = {proceedings of the 2021 CHI Conference on Human Factors in Computing Systems},
	pages = {1--13},
	title = {Perverse Downstream Consequences of Debunking: Being Corrected by Another User for Posting False Political News Increases Subsequent Sharing of Low Quality, Partisan, and Toxic Content in a Twitter Field Experiment},
	year = {2021}}

@inproceedings{mazoyer2020french,
	author = {Mazoyer, B{\'e}atrice and Cag{\'e}, Julia and Herv{\'e}, Nicolas and Hudelot, C{\'e}line},
	booktitle = {Proceedings of the 12th Language Resources and Evaluation Conference},
	pages = {6220--6227},
	title = {A french corpus for event detection on twitter},
	year = {2020}}

@inproceedings{mcminn2013building,
	author = {McMinn, Andrew J and Moshfeghi, Yashar and Jose, Joemon M},
	booktitle = {Proceedings of the 22nd ACM international conference on Information \& Knowledge Management},
	pages = {409--418},
	title = {Building a large-scale corpus for evaluating event detection on twitter},
	year = {2013}}
